%%% Biber accepts '%' for marking comments

@article{zheng2014urban,
  title={Urban computing: concepts, methodologies, and applications},
  author={Zheng, Yu and Capra, Licia and Wolfson, Ouri and Yang, Hai},
  journal={ACM Transactions on Intelligent Systems and Technology (TIST)},
  volume={5},
  number={3},
  pages={1--55},
  year={2014},
  publisher={ACM New York, NY, USA}
}

@article{dzemydiene2021integration,
  title={Integration of context awareness in smart service provision system based on wireless sensor networks for sustainable cargo transportation},
  author={Dzemydien{\.e}, Dal{\.e} and Burinskien{\.e}, Aurelija},
  journal={Sensors},
  volume={21},
  number={15},
  pages={5140},
  year={2021},
  publisher={MDPI}
}

@article{faragher2015location,
  title={Location fingerprinting with bluetooth low energy beacons},
  author={Faragher, Ramsey and Harle, Robert},
  journal={IEEE journal on Selected Areas in Communications},
  volume={33},
  number={11},
  pages={2418--2428},
  year={2015},
  publisher={IEEE}
}

@article{friman2009satisfaction,
author = {Friman, Margareta and Fellesson, Markus},
year = {2009},
month = {12},
pages = {},
title = {Service Supply and Customer Satisfaction in Public Transportation: The Quality Paradox},
volume = {12},
journal = {Journal of Public Transportation},
doi = {10.5038/2375-0901.12.4.4}
}

@inproceedings{wang2015factors,
author = {Wang, Dong and Liu, Yan},
year = {2015},
month = {12},
pages = {},
booktitle = {Proceedings of the Transportation Research Board Annual Meeting},
title = {Factors Influencing Public Transport Use: A Study of University Commuters' Travel and Mode Choice Behaviours}
}

@article{liping2021challenges,
author = {Ge, Liping and Sarhani, Malek and Voss, Stefan and Xie, Lin},
year = {2021},
month = {10},
pages = {11450},
title = {Review of Transit Data Sources: Potentials, Challenges and Complementarity},
volume = {13},
journal = {Sustainability},
doi = {10.3390/su132011450}
}

@inproceedings{heppe2017delay,
author = {Heppe, Lukas and Liebig, Thomas},
year = {2017},
month = {09},
pages = {128-141},
title = {Real-Time Public Transport Delay Prediction for Situation-Aware Routing},
isbn = {978-3-319-67189-5},
doi = {10.1007/978-3-319-67190-1_10}
}

@inproceedings{norulhidayah2014traffic,
author = {Isa, Norulhidayah and Yusoff, Marina and Mohamed, Azlinah},
year = {2014},
month = {12},
pages = {},
title = {A Review on Recent Traffic Congestion Relief Approaches},
doi = {10.1109/ICAIET.2014.29}
}

@book{groves2023navigation,
author = {Groves, Paul},
year = {2013},
month = {03},
pages = {},
title = {Principles of GNSS, Inertial, and Multisensor Integrated Navigation Systems, Second Edition}
}

@article{liu2023battery,
author = {Liu, Haifeng and Xia, Feng and Yang, Zhuo and Cao, Yang},
year = {2013},
month = {12},
pages = {},
title = {An Energy-Efficient Localization Strategy for Smartphones},
volume = {8},
journal = {Comput. Sci. Inf. Syst.},
doi = {10.2298/CSIS110430065L}
}

@article{minelgaitė2020sustainability,
author = {Minelgaitė, Audronė and Dagiliūtė, Renata and Liobikienė, Genovaitė},
title = {The Usage of Public Transport and Impact of Satisfaction in the European Union},
journal = {Sustainability},
volume = {12},
year = {2020},
number = {21},
article-number = {9154},
url = {https://www.mdpi.com/2071-1050/12/21/9154},
issn = {2071-1050},
doi = {10.3390/su12219154}
}

@online{mit2023,
  author       = {{Massachusetts Institute of Technology}},
  title        = {Public Transportation},
  year         = {2023},
  url          = {https://climate.mit.edu/explainers/public-transportation},
  note         = {Accessed: 2024-08-26},
}

@online{un2023,
  author       = {{United Nations}},
  title        = {Act Now: Transport},
  year         = {2023},
  url          = {https://www.un.org/en/actnow/transport#:~:text=If%20your%20destination%20is%20too,tons%20of%20carbon%20emissions%20reduced.},
  note         = {Accessed: 2024-08-26},
}

@online{eurostat2023,
  author    = {{European Commission}},
  title     = {Eurostat News: EU Public Transport Statistics},
  year      = {2023},
  url       = {https://ec.europa.eu/eurostat/web/products-eurostat-news/w/edn-20230918-1},
  note      = {Accessed: 2024-08-26},
}

@article{shevchenko2023geofencing,
  title={Geofencing in location-based behavioral research: Methodology, challenges, and implementation},
  author={Shevchenko, Yury and Reips, Ulf-Dietrich},
  journal={Behavior Research Methods},
  volume={56},
  number={7},
  pages={6411--6439},
  year={2023},
  publisher={Springer}
}

@book{kupper2005location,
  title={Location-based services: fundamentals and operation},
  author={K{\"u}pper, Axel},
  year={2005},
  publisher={John Wiley \& Sons}
}

@book{kolodziej2017local,
  title={Local positioning systems: LBS applications and services},
  author={Kolodziej, Krzysztof W and Hjelm, Johan},
  year={2017},
  publisher={CRC press}
}

@article{jan2004improving,
  title={Improving the accuracy of cell-based positioning for wireless networks},
  author={Jan, Rong-Hong and Chu, Hung-Chi and Lee, Yi-Fang},
  journal={Computer Networks},
  volume={46},
  number={6},
  pages={817--827},
  year={2004},
  publisher={Elsevier}
}

@book{sharp2019wireless,
  title={Wireless Positioning: Principles and Practice},
  author={Sharp, Ian and Yu, Kegen},
  year={2019},
  publisher={Springer}
}

@article{grejner2004positioning,
  title={Positioning and tracking approaches and technologies},
  author={Grejner-Brzezinska, Dorota and Kealy, Allison},
  journal={Advanced Location-Based Technologies and Services},
  pages={1},
  year={2004}
}

@article{mautz2012indoor,
  title={Indoor positioning technologies},
  author={Mautz, Rainer},
  year={2012},
  publisher={ETH Zurich, Department of Civil, Environmental and Geomatic Engineering~…}
}

@online{apple_timer,
  author       = {Apple Inc.},
  title        = {Timer},
  year         = {2024},
  url          = {https://developer.apple.com/documentation/foundation/timer},
  note         = {Accessed: 2024-11-02}
}

@online{apple_app_delegate,
  author       = {Apple Inc.},
  title        = {UIApplicationDelegate},
  year         = {2024},
  url          = {https://developer.apple.com/documentation/uikit/uiapplicationdelegate},
  note         = {Accessed: 2024-11-02}
}

@online{apple_corelocation,
  author       = {Apple Inc.},
  title        = {Core Location},
  year         = {2024},
  url          = {https://developer.apple.com/documentation/corelocation},
  note         = {Accessed: 2024-11-03}
}

@online{apple_coremotion,
  author       = {Apple Inc.},
  title        = {Core Motion},
  year         = {2024},
  url          = {https://developer.apple.com/documentation/coremotion},
  note         = {Accessed: 2024-11-03}
}

@online{apple_notificationcenter,
  author       = {Apple Inc.},
  title        = {Notification Center},
  year         = {2024},
  url          = {https://developer.apple.com/documentation/foundation/notificationcenter},
  note         = {Accessed: 2024-11-03}
}

@online{apple_guidelines,
  author       = {Apple Inc.},
  title        = {App Store Review Guidelines},
  year         = {2024},
  url          = {https://developer.apple.com/app-store/review/guidelines/},
  note         = {Accessed: 2024-11-04}
}

@online{apple_sound_guidelines,
  author = {Apple Inc.},
  title = {Audio Services: Play Alert Sound},
  year = {2024},
  url = {https://developer.apple.com/documentation/audiotoolbox/1405202-audioservicesplayalertsound},
  note = {Accessed: 2024-11-04}
}

@online{apple_live_activities,
  author = {Apple Inc.},
  title = {Live Activities},
  year = {2024},
  url = {https://developer.apple.com/documentation/activitykit},
  note = {Accessed: 2024-11-04}
}

@online{apple_geofencing_limits,
  author = {Apple Inc.},
  title = {Region Monitoring},
  year = {2024},
  url = {https://developer.apple.com/documentation/corelocation/monitoring_the_user_s_proximity_to_geographic_regions},
  note = {Accessed: 2024-11-04}
}

@online{apple_local_notifications,
  author = {Apple Inc.},
  title = {Scheduling a Notification Locally from Your App},
  year = {2024},
  url = {https://developer.apple.com/documentation/usernotifications/scheduling-a-notification-locally-from-your-app},
  note = {Accessed: 2024-11-02}
}

@online{apple_push_notifications,
  author = {Apple Inc.},
  title = {Setting Up a Remote Notification Server},
  year = {2024},
  url = {https://developer.apple.com/documentation/usernotifications/setting_up_a_remote_notification_server},
  note = {Accessed: 2024-11-02}
}

@online{apple_background_audio_guidelines,
  author = {Apple Inc.},
  title = {Configuring Your App for Media Playback},
  year = {2024},
  url = {https://developer.apple.com/documentation/avfoundation/media_playback/configuring_your_app_for_media_playback},
  note = {Accessed: 2024-11-02}
}

@online{apple_critical_alerts,
  author = {Apple Inc.},
  title = {Critical Alert Setting},
  year = {2024},
  url = {https://developer.apple.com/documentation/usernotifications/unnotificationsettings/criticalalertsetting},
  note = {Accessed: 2024-11-04}
}

@online{apple_background_modes,
  author = {Apple Inc.},
  title = {Configuring Background Execution Modes},
  year = {2024},
  url = {https://developer.apple.com/documentation/xcode/configuring-background-execution-modes},
  note = {Accessed: 2024-11-04}
}

@online{apple_haptics,
  author = {Apple Inc.},
  title = {Playing Haptics},
  year = {2024},
  url = {https://developer.apple.com/design/human-interface-guidelines/playing-haptics},
  note = {Accessed: 2024-11-04}
}

@online{apple_alerts,
  author = {Apple Inc.},
  title = {Alerts},
  year = {2024},
  url = {https://developer.apple.com/design/human-interface-guidelines/alerts},
  note = {Accessed: 2024-11-04}
}

@online{apple_time_trigger,
  author = {Apple Inc.},
  title = {UNTimeIntervalNotificationTrigger},
  year = {2024},
  url = {https://developer.apple.com/documentation/usernotifications/untimeintervalnotificationtrigger},
  note = {Accessed: 2024-11-04}
}

@online{apple_location_trigger,
  author = {Apple Inc.},
  title = {UNLocationNotificationTrigger},
  year = {2024},
  url = {https://developer.apple.com/documentation/usernotifications/unlocationnotificationtrigger},
  note = {Accessed: 2024-11-04}
}

@online{apple_calender_trigger,
  author = {Apple Inc.},
  title = {UNCalendarNotificationTrigger},
  year = {2024},
  url = {https://developer.apple.com/documentation/usernotifications/uncalendarnotificationtrigger},
  note = {Accessed: 2024-11-04}
}

@online{apple_healthkit,
  author = {Apple Inc.},
  title = {HealthKit},
  year = {2024},
  url = {https://developer.apple.com/documentation/healthkit},
  note = {Accessed: 2024-11-04}
}

@book{werner2014indoor,
  title={Indoor Location-Based Services: Prerequisites and Foundations},
  author={Werner, Martin},
  year={2014},
  publisher={Springer}
}

@book{kaplan2017understanding,
  title={Understanding GPS/GNSS: Principles and Applications},
  author={Kaplan, Elliott D and Hegarty, Christopher},
  year={2017},
  publisher={Artech house}
}

@article{enge1994global,
  title={The Global Positioning System: Signals, Measurements, and Performance},
  author={Enge, Per K},
  journal={International Journal of Wireless Information Networks},
  volume={1},
  pages={83--105},
  year={1994},
  publisher={Springer}
}

@inproceedings{bareth2011geofencing,
  author = {Bareth, Ulrich and Küpper, Axel and Freese, B.},
  year = {2011},
  month = {01},
  pages = {},
  title = {Geofencing and Background Tracking - The Next Features in LBS}
}

@inproceedings{flynn2023geofencing,
  author={Flynn, Dennis and Kimm, Haklin},
  booktitle={2023 IEEE Cloud Summit}, 
  title={Geofencing Implement For Self-Monitoring Wandering Behavior And Sharing Location In Realtime With Firebase}, 
  year={2023},
  volume={},
  number={},
  pages={84-89},
  keywords={Photography;Web services;Shape;Operating systems;Medical services;Behavioral sciences;Satellite images;Geofence;Smart phone;Realtime Firebase;Location Based Service;Alzheimer’s;Geriatrics},
  doi={10.1109/CloudSummit57601.2023.00020}
}

@article{greenwald2011geofencing,
  author={Greenwald, Amie and Hampel, Georg and Phadke, Chitra and Poosala, Viswanath},
  journal={Bell Labs Technical Journal}, 
  title={An economically viable solution to geofencing for mass-market applications}, 
  year={2011},
  volume={16},
  number={2},
  pages={21-38},
  keywords={},
  doi={10.1002/bltj.20500}
}

@article{arora2023location,
  title={Location Tracking Mechanisms for Dementia Patients},
  author={Arora, Parul and Deswal, Suman},
  journal={Recent Patents on Engineering},
  volume={17},
  number={5},
  pages={69--80},
  year={2023},
  publisher={Bentham Science Publishers direct}
}

@book{gorr2010gis,
  title={GIS tutorial 1: Basic workbook},
  author={Gorr, Wilpen L and Kurland, Kristen S},
  year={2010},
  publisher={Esri Press}
}

@article{westbrook2019gps,
  author = {Westbrook, Tegg},
  year = {2019},
  month = {07},
  pages = {1-16},
  title = {The Global Positioning System and Military Jamming: The geographies of electronic warfare},
  volume = {12},
  journal = {Journal of Strategic Security},
  doi = {10.5038/1944-0472.12.2.1720}
}

@inproceedings{reclus2009fleet,
  author={Reclus, Fabrice and Drouard, Kristen},
  booktitle={2009 9th International Conference on Intelligent Transport Systems Telecommunications, (ITST)}, 
  title={Geofencing for fleet and freight management}, 
  year={2009},
  pages={353-356},
  doi={10.1109/ITST.2009.5399328}
}

@inproceedings{amudha2019smarthome,
  title={Enhancement of smart home automation system using secure geofence concept in IoT},
  author={Amudha, S and Sankar, S and Rajkumar, Mishra Neel and Jain, Aayush},
  booktitle={AIP Conference Proceedings},
  volume={2112},
  number={1},
  year={2019},
  organization={AIP Publishing}
}

@article{kadam2020crops,
  title={Implementation of IoT application using geofencing technology for protecting crops from wild animals},
  author={Kadam, Ashwini L and Lee, Hoon and Hwang, Mintae},
  journal={Asia-pacific Journal of Convergent Research Interchange},
  volume={6},
  number={6},
  pages={13--23},
  year={2020}
}

@article{lee2014localization,
author = {Lee, Junggoo and Kim, Kyeongyul and Lee, Sang-Chul and Shin, Byeong-Seok},
year = {2014},
month = {08},
title = {An Efficient Localization Method Based on Adaptive Optimal Sensor Placement},
volume = {2014},
journal = {International Journal of Distributed Sensor Networks},
doi = {10.1155/2014/983618}
}

@article{takyiwa2023geofence,
  title={A geofence and IoT-based solution for child abduction in Ghanaian schools},
  author={Takyiwa-Debrah, Akosua},
  year={2023}
}

@article{furiu2004spontaneousspeech,
  author={Furui, S. and Kikuchi, T. and Shinnaka, Y. and Hori, C.},
  journal={IEEE Transactions on Speech and Audio Processing}, 
  title={Speech-to-text and speech-to-speech summarization of spontaneous speech}, 
  year={2004},
  volume={12},
  number={4},
  pages={401-408},
  doi={10.1109/TSA.2004.828699}
}

@inproceedings{zechner20000spontaeousspeech,
author = {Zechner, Klaus and Waibel, Alex},
title = {DiaSumm: flexible summarization of spontaneous dialogues in unrestricted domains},
year = {2000},
publisher = {Association for Computational Linguistics},
address = {USA},
url = {https://doi.org/10.3115/992730.992786},
doi = {10.3115/992730.992786},
booktitle = {Proceedings of the 18th Conference on Computational Linguistics - Volume 2},
pages = {968–974},
numpages = {7},
location = {Saarbr\"{u}cken, Germany}
}

@book{rabiner1993speechrecognition,
  title={Fundamentals of speech recognition},
  author={Rabiner, Lawrence and Juang, Biing-Hwang},
  year={1993},
  publisher={Prentice-Hall, Inc.}
}

@book{reetz2020phonetics,
  title={Phonetics: Transcription, production, acoustics, and perception},
  author={Reetz, Henning},
  year={2020},
  publisher={Wiley-Blackwell}
}

@article{ramtohul2020mobilepositioning,
author = {Ramtohul, Arvind and Khedo, Kavi Kumar},
title = {Mobile Positioning Techniques and Systems: A Comprehensive Review},
journal = {Mobile Information Systems},
volume = {2020},
number = {1},
pages = {3708521},
doi = {10.1155/2020/3708521},
url = {https://onlinelibrary.wiley.com/doi/abs/10.1155/2020/3708521},
eprint = {https://onlinelibrary.wiley.com/doi/pdf/10.1155/2020/3708521},
year = {2020}
}

@book{saunders2024antennas,
  title={Antennas and propagation for wireless communication systems},
  author={Saunders, Simon R and Arag{\'o}n-Zavala, Alejandro A},
  year={2024},
  publisher={John Wiley \& Sons}
}

@article{winters2008travel,
  author = {Winters, Phil and Barbeau, Sean and Georggi, Nevine},
  title = {Smart Phone Application to Influence Travel Behavior (TRAC-IT Phase 3)}
}

@article{militaru2022positioning,
author = {Militaru, Andreea-Valentina and Bogdan, Ion and Comsa, Ciprian and Caruntu, Constantin},
year = {2022},
month = {02},
pages = {57-76},
title = {Positioning Key Elements for Increasing Localization Precision of the VRUs in 5G NR Environments},
volume = {68},
journal = {Bulletin of the Polytechnic Institute of Iași. Electrical Engineering, Power Engineering, Electronics Section}
}

@book{grewal2007global,
title={Global positioning systems, inertial navigation, and integration},
author={Grewal, Mohinder S and Weill, Lawrence R and Andrews, Angus P},
year={2007},
publisher={John Wiley \& Sons}
}

@article{brossard2020imu,
author={Brossard, Martin and Barrau, Axel and Bonnabel, Silvère},
journal={IEEE Transactions on Intelligent Vehicles}, 
title={AI-IMU Dead-Reckoning}, 
year={2020},
volume={5},
number={4},
pages={585-595},
doi={10.1109/TIV.2020.2980758}
}

@article{wei2022positioning,
  title={Positioning algorithm of MEMS pipeline inertial locator based on dead reckoning and information multiplexing},
  author={Wei, Xiaofeng and Fan, Shiwei and Zhang, Ya and Chang, Longkang and Wang, Guochen and Shen, Feng},
  journal={Electronics},
  volume={11},
  number={18},
  pages={2931},
  year={2022},
  publisher={MDPI}
}

@article{zhang2021gnss,
  author={Zhang, Guohao and Xu, Penghui and Xu, Haosheng and Hsu, Li-Ta},
  journal={IEEE Sensors Journal}, 
  title={Prediction on the Urban GNSS Measurement Uncertainty Based on Deep Learning Networks With Long Short-Term Memory}, 
  year={2021},
  volume={21},
  number={18},
  pages={20563-20577},
  doi={10.1109/JSEN.2021.3098006}
}

@article{ruegamer2015jamming,
  title={Jamming and spoofing of gnss signals--an underestimated risk?!},
  author={Ruegamer, Alexander and Kowalewski, Dirk and others},
  journal={Proc. Wisdom Ages Challenges Modern World},
  volume={3},
  pages={17--21},
  year={2015}
}

@article{taylor1950deadreckoning, 
  title={Five Centuries of Dead Reckoning}, 
  volume={3}, 
  DOI={10.1017/S0373463300034871}, 
  number={3}, 
  journal={Journal of Navigation}, 
  author={Taylor, E. G. R.}, 
  year={1950}, 
  pages={280–285}
}

@article{sheimy2006ins,
  title={Inertial techniques and INS/DGPS integration},
  author={El-Sheimy, Naser},
  journal={Engo 623-Course Notes},
  pages={170--182},
  year={2006},
  publisher={Department of Geomatics Engineering, University of Calgary Calgary, AB, Canada}
}

@article{angrisano2010gnss,
  title={GNSS/INS integration methods},
  author={Angrisano, Antonio and others},
  journal={Dottorato di ricerca (PhD) in Scienze Geodetiche e Topografiche Thesis, Universita’degli Studi di Napoli PARTHENOPE, Naple},
  volume={21},
  year={2010}
}

@online{gisgeography_trilateration,
  author       = {GIS Geography},
  title        = {Trilateration vs Triangulation - How GPS Receivers Work},
  url          = {https://gisgeography.com/trilateration-triangulation-gps/},
  note         = {Accessed: 2025-01-05}
}

@article{gao2024improving,
  title={Improving Non-Line-of-Sight Identification in Cellular Positioning Systems Using a Deep Autoencoding and Generative Adversarial Network Model},
  author={Gao, Yanbiao and Deng, Zhongliang and Huo, Yuqi and Chen, Wenyan},
  journal={Sensors},
  volume={24},
  number={19},
  pages={6494},
  year={2024},
  publisher={MDPI}
}

@article{campos2015cellular,
author = {Campos Delgado, Daniel Ulises and Luna-Rivera, J.M. and Rojas, A.J. and Gutierrez, Carlos},
year = {2015},
month = {01},
pages = {1-1},
title = {Power Allocation in Mobile Cellular Communication Under Multiplicative Noise and Interference Uncertainty},
volume = {4},
journal = {IEEE Transactions on Control of Network Systems},
doi = {10.1109/TCNS.2015.2512323}
}

@book{mushiba2024gsm,
author = {Mushiba, Abel},
year = {2024},
month = {01},
pages = {},
title = {ADVANCED TELECOMMUNICATIONS TECHNOLOGIES - A Comprehensive Guide to GSM, UMTS, LTE, and 5G}
}

@article{liu2007survey,
  title={Survey of wireless indoor positioning techniques and systems},
  author={Liu, Hui and Darabi, Houshang and Banerjee, Pat and Liu, Jing},
  journal={IEEE Transactions on Systems, Man, and Cybernetics, Part C (Applications and Reviews)},
  volume={37},
  number={6},
  pages={1067--1080},
  year={2007},
  publisher={IEEE}
}

@online{citymapper_ios_lock_screen_navigation,
  title = {Citymapper Introduces iOS Lock Screen Navigation},
  author = {{Citymapper}},
  year = {2022},
  url = {https://citymapper.com/news/2553/citymapper-introduces-ios-lock-screen-navigation},
  note = {Accessed: 2025-02-07}
}

@online{citymapper_profile,
  author = {{TechRound}},
  title = {Startup Profile: Citymapper},
  year = {2023},
  url = {https://techround.co.uk/startups/startup-profile-citymapper/},
  note = {Accessed: 2025-02-08}
}

@online{via_acquires_citymapper,
  author = {{Via}},
  title = {Via Acquires Citymapper to Expand its End-to-End TransitTech Solution},
  year = {2023},
  url = {https://ridewithvia.com/news/via-acquires-citymapper-to-expand-its-end-to-end-transittech-solution},
  note = {Accessed: 2025-02-08}
}

@online{citymapper_cities,
  author = {{Citymapper}},
  title = {Citymapper Supported Cities},
  year = {2025},
  url = {https://citymapper.com/cities},
  note = {Accessed: 2025-02-08}
}

@online{google_maps_live_activity,
  author = {{9to5Google}},
  title = {Google Maps begins testing Live Activities on iPhone},
  year = {2024},
  url = {https://9to5google.com/2024/04/24/google-maps-live-activity-iphone-testing/},
  note = {Accessed: 2025-02-08}
}

@online{moovit_about,
  author = {{Moovit Inc.}},
  title = {About Moovit},
  year = {2024},
  url = {https://moovit.com/about-us/},
  note = {Accessed: 2025-02-10}
}

@online{citymapper_getoffalerts,
  author = {{Moovit Inc.}},
  title = {Citymapper'S Get Off Alerts},
  year = {2024},
  url = {https://citymapper.com/news/823/get-off-alerts},
  note = {Accessed: 2025-02-10}
}

@online{apple_geofencing,
  author = {Apple Inc.},
  title = {Monitoring the user's proximity to geographic regions},
  year = {2024},
  url = {https://developer.apple.com/documentation/corelocation/monitoring-the-user-s-proximity-to-geographic-regions},
  note = {Accessed: 2025-02-14}
}

@online{transistorsoft_geofence,
  author = {Transistor Software},
  title = {Geofence Interface — React Native Background Geolocation},
  year = {2024},
  url = {https://transistorsoft.github.io/react-native-background-geolocation/interfaces/geofence.html},
  note = {Accessed: 2025-02-14}
}

@online{verge_google_maps_2017,
  author = {Hawkins, Andrew J.},
  title = {Google Maps will now tell you when it's time to get off your train or bus},
  journal = {The Verge},
  year = {2017},
  month = {12},
  day = {15},
  url = {https://www.theverge.com/2017/12/15/16763340/google-maps-train-bus-stop-transfer-alerts},
  note = {Accessed: 2025-02-28}
}